%% This BibTeX bibliography file was created using BibDesk.
%% https://bibdesk.sourceforge.io/

%% Created for Vatsal Sanjay at 2024-08-17 00:39:03 +0200 


%% Saved with string encoding Unicode (UTF-8) 


@preamble{"\providecommand{\noopsort}[1]{}" #
   "\providecommand{\singleletter}[1]{#1}%"}


@string{acie = {Angew. Chem. Int. Ed.}}

@string{advmat = {Adv. Mat.}}

@string{afm = {Adv. Funct. Mater.}}

@string{ams = {Acta Mech. Sin.}}

@string{apl = {Appl. Phys. Lett.}}

@string{arfm = {Annu. Rev. Fluid Mech.}}

@string{bb = {Biotechnolo. Bioeng.}}

@string{bj = {Biophys.\ J.}}

@string{chemengj = {Chem. Eng. J.}}

@string{cossms = {Curr. Opin. Solid State Mater. Sci.}}

@string{crs = {Chem. Soc. Rev.}}

@string{epje = {Eur.\ Phys.\ J E}}

@string{epjst = {Eur. Phys. J. Spec. Top.}}

@string{epl = {Europhys.\ Lett.}}

@string{faraday = {Faraday Discuss.}}

@string{ifhff = {Int. J. Heat Fluid Flow}}

@string{jafc = {J. Agric. Food. Chem.}}

@string{jchrnp = {J. Chem. Phys.}}

@string{jcp = {J. Comput. Phys.}}

@string{jcs = {J. Colloid Sci.}}

@string{jfm = {J. Fluid Mech.}}

@string{jgr = {J. Geophys. Res.}}

@string{jnnf = {J. Non-Newton. Fluid Mech.}}

@string{josj = {J. Oceanogr. Soc. Jpn.}}

@string{journalrheology = {J. Rheol.}}

@string{jvgr = {J. Volcanol. Geoth. Res.}}

@string{matcompt = {Math. Comput.}}

@string{natcom = {Nat. Commun.}}

@string{pecs = {Prog. Energy Combust. Sci.}}

@string{phyw = {Phys. World}}

@string{pnas = {Proc.\ Natl.\ Acad.\ Sci.\ U.S.A.}}

@string{pof = {Phys.\ Fluids}}

@string{pra = {Phys. Rev. A}}

@string{prapp = {Phys. Rev. Appl.}}

@string{pre = {Phys. Rev. E}}

@string{prf = {Phys. Rev. Fluids}}

@string{prl = {Phys. Rev. Lett.}}

@string{prslondona = {Proc. R. Soc. London, Ser. A}}

@string{rce = {Rev. Chem. Eng.}}

@string{rmp = {Rev.\ Mod.\ Phys.}}

@string{sciadv = {Sci. Adv.}}

@string{scirep = {Sci. Rep.}}

@string{sm = {Soft Matter}}

@string{tpm = {Transp. Porous Media}}

@article{garcia2024skating,
	author = {Garc{\'\i}a-Geijo, P and Riboux, G and Gordillo, JM},
	date-added = {2024-08-19 22:44:49 +0200},
	date-modified = {2024-08-19 22:44:49 +0200},
	journal = {J. Fluid Mech.},
	pages = {A35},
	publisher = {Cambridge University Press},
	title = {The skating of drops impacting over gas or vapour layers},
	volume = {980},
	year = {2024}}

@article{alventosa2023inertio,
	author = {Alventosa, L. F. L. and Cimpeanu, R. and Harris, D. M.},
	date-added = {2024-08-19 22:44:41 +0200},
	date-modified = {2024-08-19 22:44:41 +0200},
	journal = {J. Fluid Mech.},
	pages = {A24},
	publisher = {Cambridge University Press},
	title = {Inertio-capillary rebound of a droplet impacting a fluid bath},
	volume = {958},
	year = {2023}}

@article{sprittles2024gas,
	author = {Sprittles, James E},
	date-added = {2024-08-19 22:44:30 +0200},
	date-modified = {2024-08-19 22:44:30 +0200},
	journal = {Annu. Rev. Fluid Mech.},
	pages = {91--118},
	publisher = {Annual Reviews},
	title = {Gas microfilms in droplet dynamics: When do drops bounce?},
	volume = {56},
	year = {2024}}

@article{kolinski-2014-epl,
	author = {Kolinski, J. M. and Mahadevan, L. and Rubinstein, S. M.},
	date-added = {2024-08-19 22:44:21 +0200},
	date-modified = {2024-08-19 22:44:21 +0200},
	journal = {Europhys. Lett.},
	pages = {24001},
	title = {Drops can bounce from perfectly hydrophilic surfaces},
	volume = {108},
	year = {2014}}

@article{yun2017bouncing,
	author = {Yun, S.},
	date-added = {2024-08-19 22:43:59 +0200},
	date-modified = {2024-08-19 22:43:59 +0200},
	journal = {Sci. Rep.},
	number = {1},
	pages = {17699},
	publisher = {Nature Publishing Group UK London},
	title = {Bouncing of an ellipsoidal drop on a superhydrophobic surface},
	volume = {7},
	year = {2017}}

@article{thoraval-2013-jfm,
	author = {Thoraval, M.-{J}. and Takehara, K. and Etoh, T. G. and Thoroddsen, S. T.},
	date-added = {2024-08-19 22:43:51 +0200},
	date-modified = {2024-08-19 22:43:51 +0200},
	journal = {J. Fluid Mech.},
	pages = {234-258},
	title = {Drop impact entrapment of bubble rings},
	volume = {724},
	year = {2013}}

@article{lee2020drop,
	author = {Lee, Sang-Hyeon and Harth, Kirsten and Rump, Maaike and Kim, Minwoo and Lohse, Detlef and Fezzaa, Kamel and Je, Jung Ho},
	date-added = {2024-08-16 23:37:28 +0200},
	date-modified = {2024-08-16 23:37:28 +0200},
	journal = sm,
	number = {34},
	pages = {7935--7949},
	publisher = {Royal Society of Chemistry},
	title = {Drop impact on hot plates: contact times, lift-off and the lamella rupture},
	volume = {16},
	year = {2020}}

@article{van2012direct,
	author = {{van der Veen}, R. C. A. and Tran, T. and Lohse, D. and Sun, C.},
	date-added = {2024-08-16 23:37:06 +0200},
	date-modified = {2024-08-16 23:37:06 +0200},
	journal = {Phys. Rev. E},
	number = {2},
	pages = {026315},
	publisher = {APS},
	title = {Direct measurements of air layer profiles under impacting droplets using high-speed color interferometry},
	volume = {85},
	year = {2012}}

@article{villermaux2011drop,
	author = {Villermaux, E. and Bossa, B.},
	date-added = {2024-06-07 12:38:57 +0200},
	date-modified = {2024-06-07 12:38:57 +0200},
	journal = {J. Fluid Mech.},
	pages = {412--435},
	publisher = {Cambridge University Press},
	title = {Drop fragmentation on impact},
doi = {10.1017/S002211201000474X},
	volume = {668},
	year = {2011}}

@article{mirels1955laminar,
	author = {Mirels, H.},
	date-added = {2024-06-07 09:31:43 +0200},
	date-modified = {2024-06-07 09:31:43 +0200},
	journal = {NACA},
	pages = {25},
	title = {Laminar boundary layer behind shock advancing into stationary fluid},
	volume = {TN 3401},
	year = {1955}}

@article{bouroubia2021-arfm,
	author = {Lydia Bourouiba},
	journal = {Annu. Rev. Fluid Mech.},
	pages = {473-508},
	title = {The Fluid Dynamics of Disease Transmission},
doi = {10.1146/annurev-fluid-060220-113712},
	volume = {53},
	year = {2021}}

@book{schlichting2016boundary,
	author = {Schlichting, H.},
	date-added = {2024-06-07 09:31:34 +0200},
	date-modified = {2024-06-07 09:31:34 +0200},
	publisher = {McGraw-Hill},
address = {New York},
	title = {Boundary-layer theory},
doi = {10.1007/978-3-662-52919-5},
	year = {1968}}



@Article{Blasius1908,
  author         = {H. Blasius},
  title          = {{Grenzschichten in Fl\"ussigkeiten mit kleiner Reibung}},
  journal        = {Z. Math. Phys.},
  volume         = {56},
  pages          = {1--37},
  year           = 1908
}

@Inproceedings{Prandtl1905,
  author         = {L. Prandtl},
  title          = {{\"Uber Fl\"ussigkeitsbewegung bei sehr kleiner Reibung}},
  booktitle      = {Verhandlungen des III. Int. Math. Kongr., Heidelberg, 1904},
  publisher      = {Teubner},
address = {Leipzig},
  pages          = {484--491},
  year           = 1905
}

@book{Schlichting1979,
 author          = {H. Schlichting},
 title           = {Boundary layer theory},
 publisher       = {McGraw-Hill},
address = {New York},
 year            = 1979
}


@article{grossmann2002prandtl,
	author = {Grossmann, S. and Lohse, D.},
	date-added = {2024-06-07 09:18:00 +0200},
	date-modified = {2024-06-07 09:18:30 +0200},
	journal = {Phys. Rev. E},
	number = {1},
	pages = {016305},
	publisher = {APS},
	title = {{Prandtl} and {Rayleigh} number dependence of the Reynolds number in turbulent thermal convection},
doi = {10.1103/PhysRevE.66.016305},
	volume = {66},
	year = {2002}}

@article{mandre2009precursors,
	author = {Mandre, S. and Mani, M. and Brenner, M. P.},
	date-added = {2024-06-07 08:15:42 +0200},
	date-modified = {2024-06-07 08:16:12 +0200},
	journal = {Phys. Rev. Lett.},
	number = {13},
	pages = {134502},
	publisher = {APS},
	title = {Precursors to splashing of liquid droplets on a solid surface},
doi = {10.1103/PhysRevLett.102.134502},
	volume = {102},
	year = {2009}}

@article{bertin2024similarity,
	author = {Bertin, V.},
	date-added = {2024-06-07 02:13:21 +0200},
	date-modified = {2024-06-07 02:13:30 +0200},
	journal = {J. Fluid Mech.},
	pages = {A13},
	publisher = {Cambridge University Press},
	title = {Similarity solutions in elastohydrodynamic bouncing},
doi = {10.1017/jfm.2024.310},
	volume = {986},
	year = {2024}}

@article{bilotto2023fluid,
	author = {Bilotto, J. and Kolinski, J. M. and Lecampion, B. and Molinari, J. and Subhash, G. and Garcia-Suarez, J.},
	date-added = {2024-06-07 02:11:49 +0200},
	date-modified = {2024-06-07 02:12:07 +0200},
	journal = {arXiv preprint},
	title = {Fluid-mediated impact of soft solids},
doi = {10.48550/arXiv.2311.09953},
	year = {2023}}

@article{hertz1881contact,
	author = {Hertz, Heinrich},
	date-added = {2024-06-07 02:06:33 +0200},
	date-modified = {2024-06-07 02:06:33 +0200},
	journal = {J. Reine Angew, Math.},
	pages = {156--171},
	title = {On the contact of elastic solids},
	volume = {92},
	year = {1881}}

@article{langley2017impact,
	author = {Langley, K. and Li, E. Q. and Thoroddsen, S. T.},
	date-added = {2024-06-07 02:02:18 +0200},
	date-modified = {2024-06-07 02:02:36 +0200},
	journal = {J. Fluid Mech.},
	pages = {647--666},
	publisher = {Cambridge University Press},
	title = {Impact of ultra-viscous drops: air-film gliding and extreme wetting},
doi = {10.1017/jfm.2016.840},
	volume = {813},
	year = {2017}}

@article{afkhami2013numerical,
	author = {Afkhami, S. and Kondic, L.},
	date-added = {2024-06-07 01:28:28 +0200},
	date-modified = {2024-06-07 01:28:39 +0200},
	journal = {Phys. Rev. Lett.},
	number = {3},
	pages = {034501},
	publisher = {APS},
	title = {Numerical simulation of ejected molten metal nanoparticles liquified by laser irradiation: Interplay of geometry and dewetting},
doi = {10.1103/PhysRevLett.111.034501},
	volume = {111},
	year = {2013}}

@article{chandra1991collision,
	author = {Chandra, S. and Avedisian, C. T.},
	date-added = {2024-06-06 23:47:59 +0200},
	date-modified = {2024-06-06 23:48:32 +0200},
	journal = {Proc. R. Soc. Lond. A},
	number = {1884},
	pages = {13--41},
	publisher = {The Royal Society London},
	title = {On the collision of a droplet with a solid surface},
doi = {10.1098/rspa.1991.0002},
	volume = {432},
	year = {1991}}

@article{fedorchenko2005effect,
	author = {Fedorchenko, A. I. and Wang, A. B. and Wang, Y. H.},
	date-added = {2024-06-06 21:58:18 +0200},
	date-modified = {2024-06-06 21:58:55 +0200},
	journal = {Phys. Fluids},
	number = {9},
	publisher = {AIP Publishing},
	title = {Effect of capillary and viscous forces on spreading of a liquid drop impinging on a solid surface},
	volume = {17},
	year = {2005}}

@article{madejski1976solidification,
	author = {Madejski, J.},
	date-added = {2024-06-06 21:57:18 +0200},
	date-modified = {2024-06-06 21:57:43 +0200},
	journal = {Int. J. Heat Mass Transfer},
	number = {9},
	pages = {1009--1013},
	publisher = {Elsevier},
	title = {Solidification of droplets on a cold surface},
	volume = {19},
	year = {1976}}

@article{bennett1993splat,
	author = {Bennett, T and Poulikakos, D},
	date-added = {2024-06-06 10:57:05 +0200},
	date-modified = {2024-06-06 10:57:19 +0200},
	journal = {J. Mater. Sci.},
	pages = {963--970},
	publisher = {Springer},
	title = {Splat-quench solidification: estimating the maximum spreading of a droplet impacting a solid surface},
doi = {10.1007/BF00400880},
	volume = {28},
	year = {1993}}

@misc{vatsal_sanjay_2023_7598181,
	author = {Sanjay, V.},
	date-added = {2024-06-05 12:02:22 +0200},
	date-modified = {2024-08-17 00:38:58 +0200},
	howpublished = {\url{https://doi.org/10.5281/zenodo.7598181}},
	month = {feb},
	publisher = {Zenodo},
	title = {Code repository: {Impact} forces of water drops falling on superhydrophobic surfaces},
	version = {v1.0.0},
	year = {2023},
	bdsk-url-1 = {https://doi.org/10.5281/zenodo.7598181}}

@article{sanjay2022taylor,
	author = {Sanjay, V. and Sen, U. and Kant, P. and Lohse, D.},
	date-added = {2024-06-05 11:14:44 +0200},
	date-modified = {2024-06-05 11:14:44 +0200},
	doi = {10.1017/jfm.2022.671},
	journal = jfm,
	pages = {A14},
	publisher = {Cambridge University Press},
	title = {{Taylor-Culick} retractions and the influence of the surroundings},
	volume = {948},
	year = {2022},
	bdsk-url-1 = {https://doi.org/10.1017/jfm.2022.671}}

@article{prandtl1904,
	author = {Prandtl, L.},
	date-added = {2024-06-05 11:14:30 +0200},
	date-modified = {2024-06-05 11:14:30 +0200},
	journal = {Math-Kongr, Heidelberg},
	pages = {484--491},
	title = {{\"U}ber Fl{\"u}ssigkeitsbewegung bei sehr kleiner Reibung},
	year = {1904}}

@article{taylor1935statistical,
	author = {Taylor, G. I.},
	date-added = {2024-06-05 11:14:30 +0200},
	date-modified = {2024-06-05 11:14:30 +0200},
	journal = prslondona,
	number = {873},
	pages = {421--444},
	publisher = {The Royal Society London},
	title = {Statistical theory of turbulenc},
	volume = {151},
	year = {1935}}

@article{kolmogorov1941local,
	author = {Kolmogorov, A. N.},
	date-added = {2024-06-05 11:14:30 +0200},
	date-modified = {2024-06-05 11:14:30 +0200},
	journal = {Dokl. Akad. Nauk USSR},
	pages = {301--305},
	title = {The local structure of turbulence in incompressible viscous fluid for very large {Reynolds} numbers},
	volume = {30},
	year = {1941}}

@article{onsager1949statistical,
	author = {Onsager, L.},
	date-added = {2024-06-05 11:14:30 +0200},
	date-modified = {2024-06-05 11:14:30 +0200},
	journal = {Il Nuovo Cimento},
	number = {2},
	pages = {279--287},
	publisher = {Societ{\`a} Italiana di Fisica},
	title = {Statistical hydrodynamics},
doi = {10.1007/BF02780991},
	volume = {6},
	year = {1949}}

@article{eyink1994energy,
	author = {Eyink, G. L.},
	date-added = {2024-06-05 11:14:30 +0200},
	date-modified = {2024-06-05 11:14:30 +0200},
	journal = {Physica D},
	number = {3-4},
	pages = {222--240},
	publisher = {Elsevier},
	title = {{Energy dissipation without viscosity in ideal hydrodynamics I. Fourier analysis and local energy transfer}},
	volume = {78},
	year = {1994}}

@article{eggers2018role,
	author = {Eggers, J.},
	date-added = {2024-06-05 11:14:30 +0200},
	date-modified = {2024-06-05 11:14:30 +0200},
	journal = {Phys. Rev. Fluids},
	number = {11},
	pages = {110503},
	publisher = {APS},
	title = {Role of singularities in hydrodynamics},
doi = {10.1103/PhysRevFluids.3.110503},
	volume = {3},
	year = {2018}}

@article{dubrulle2019beyond,
	author = {Dubrulle, B.},
	date-added = {2024-06-05 11:14:30 +0200},
	date-modified = {2024-06-05 11:14:30 +0200},
	journal = jfm,
	publisher = {Cambridge University Press},
	title = {Beyond {Kolmogorov} cascades},
        pages = {P1},   
	volume = {867},
	year = {2019}}

@article{lohse2023ultimate,
	author = {Lohse, D. and Shishkina, O.},
	date-added = {2024-06-05 10:48:06 +0200},
	date-modified = {2024-06-05 10:48:28 +0200},
	journal = {Phys. Today},
	number = {11},
	pages = {26--32},
	publisher = {AIP Publishing},
	title = {Ultimate turbulent thermal convection},
doi = {10.1063/PT.3.5341},
	volume = {76},
	year = {2023}}


@Article{Lohse2024,
  Author         = {D. Lohse and O. Shishkina},
  Title          = {{Ultimate Rayleigh--B\'enard turbulence}},
  Journal        = {Rev. Mod. Phys.},
  volume         = {96},
  pages          = {035001},
  year           = 2024
}




@article{grossmann2001thermal,
	author = {Grossmann, S. and Lohse, D.},
	date-added = {2024-06-05 10:45:18 +0200},
	date-modified = {2024-06-05 10:45:38 +0200},
	journal = {Phys. Rev. Lett.},
	number = {15},
	pages = {3316},
	publisher = {APS},
	title = {Thermal convection for large Prandtl numbers},
doi = {10.1103/PhysRevLett.86.3316},
	volume = {86},
	year = {2001}}

@article{grossmann2000scaling,
	author = {Grossmann, S. and Lohse, D.},
	date-added = {2024-06-05 10:43:59 +0200},
	date-modified = {2024-06-05 10:44:31 +0200},
	journal = {J. Fluid Mech.},
	pages = {27--56},
	publisher = {Cambridge University Press},
	title = {Scaling in thermal convection: a unifying theory},
doi = {10.1017/S0022112099007545},
	volume = {407},
	year = {2000}}

@article{sanjay2024inertia,
	author = {Sanjay, V. and Zhang, B. and Lv, C. and Lohse, D.},
	journal = {arXiv preprint},
	title = {The role of viscosity on drop impact forces},
doi = {10.48550/arXiv.2311.03012},
	year = {2024}}

@article{sanjayzhang2022prl,
	author = {Zhang, B. and Sanjay, V. and Shi, S. and Zhao, Y. and Lv, C. and Lohse, D.},
	date-added = {2024-06-05 09:27:16 +0200},
	date-modified = {2024-06-05 09:27:51 +0200},
	journal = {Phys. Rev. Lett.},
	pages = {104501},
	publisher = {APS},
	title = {Impact forces of water drops falling on superhydrophobic surfaces},
doi = {10.1103/PhysRevLett.129.104501},
	volume = {129},
	year = {2022}}

@article{sanjay2023drop,
	author = {Sanjay, V. and Lakshman, S. and Chantelot, P. and Snoeijer, J. H. and Lohse, D.},
	date-added = {2024-06-05 09:27:06 +0200},
	date-modified = {2024-06-05 09:27:06 +0200},
	journal = {J. Fluid Mech.},
	pages = {A25},
	publisher = {Cambridge University Press},
	title = {Drop impact on viscous liquid films},
	volume = {958},
	year = {2023}}

@article{sanjay_chantelot_lohse_2023,
	author = {Sanjay, V. and Chantelot, P. and Lohse, D.},
	date-added = {2024-06-05 09:27:03 +0200},
	date-modified = {2024-06-05 09:27:03 +0200},
	doi = {10.1017/jfm.2023.55},
	journal = {J. Fluid Mech.},
	pages = {A26},
	publisher = {Cambridge University Press},
	title = {When does an impacting drop stop bouncing?},
	volume = {958},
	year = {2023},
	bdsk-url-1 = {https://doi.org/10.1017/jfm.2023.55}}

@phdthesis{VatsalThesis,
	author = {Sanjay, V.},
	date-added = {2024-06-05 09:26:55 +0200},
	date-modified = {2024-06-05 09:26:55 +0200},
	doi = {10.3990/1.9789036554077},
	school = {University of Twente},
	title = {{Viscous Free-Surface Flows}},
	year = {2022},
	bdsk-url-1 = {https://doi.org/10.3990/1.9789036554077}}

@misc{supplMaterial,
	date-modified = {2024-06-05 10:41:13 +0200},
	title = {See Supplemental Material at ({URL} to be inserted by the publisher) for a description of numerical methods, details of the various regimes and transition.},
year={2024}}

@article{visser2015dynamics,
	author = {Visser, C. W. and Frommhold, P. E. and Wildeman, S. and Mettin, E. and Lohse, D. and Sun, C.},
	journal = sm,
	number = {9},
	pages = {1708--1722},
	publisher = {Royal Society of Chemistry},
	title = {Dynamics of high-speed micro-drop impact: numerical simulations and experiments at frame-to-frame times below 100 ns},
	volume = {11},
	year = {2015}}

@misc{basiliskPopinet2,
	author = {Popinet, S. and collaborators},
	howpublished = {\url{http://basilisk.fr/src/tension.h}},
	title = {Basilisk {C}: surface tension library},
	year = {2013--2022}}

@misc{basiliskPopinet3,
	author = {Popinet, S. and collaborators},
	howpublished = {\url{http://basilisk.fr/src/reduced.h}},
	title = {Basilisk {C}: reduced pressure library},
	year = {2013--2022}}

@misc{popinet-basilisk,
	author = {Popinet, S. and collaborators},
	howpublished = {\url{http://basilisk.fr}},
	title = {Basilisk {C}: {V}olume of {F}luid method},
	year = {2013--now}}

@misc{popinet-basilisk-momentum,
	author = {Popinet, S. and collaborators},
	howpublished = {\url{http://basilisk.fr/src/navier-stokes/conserving.h}},
	title = {Basilisk {C}: conservative scheme for momentum advection},
	year = {2013--now}}

@misc{popinet-basilisk-viscosity,
	author = {Popinet, S. and collaborators},
	howpublished = {\url{http://basilisk.fr/src/viscosity.h}},
	title = {Basilisk {C}: viscous stress solver library},
	year = {2013--now}}

@misc{basiliskVatsal,
	author = {Sanjay, V.},
	howpublished = {\url{https://github.com/VatsalSy/Impact-forces-of-water-drops-falling-on-superhydrophobic-surfaces.git} (Last accessed: February 4, 2022)},
	title = {Code repository: {Impact} forces of water drops falling on superhydrophobic surfaces},
	year = {2022}}

@book{landau2013course,
	author = {Landau, Lev Davidovich and Lifshitz, Evgenii Mikhailovich},
	edition = {2},
	publisher = {Elsevier},
	title = {Fluid Mechanics -- Volume 6: Course of Theoretical Physics},
	year = {1987}}

@article{popinet2018numerical,
	author = {Popinet, St{\'e}phane},
	journal = arfm,
	pages = {49--75},
	publisher = {Annual Reviews},
	title = {Numerical models of surface tension},
	volume = {50},
	year = {2018}}

@article{pierson2020revisiting,
	author = {Pierson, Jean-Lou and Magnaudet, Jacques and Soares, Edson Jos{\'e} and Popinet, St{\'e}phane},
	journal = prf,
	number = {7},
	pages = {073602},
	publisher = {APS},
	title = {Revisiting the {T}aylor-{C}ulick approximation: {R}etraction of an axisymmetric filament},
	volume = {5},
	year = {2020}}

@article{deka2020revisiting,
	author = {Deka, Hiranya and Pierson, Jean-Lou},
	journal = prf,
	number = {9},
	pages = {093603},
	publisher = {APS},
	title = {Revisiting the {T}aylor-{C}ulick approximation. {II}. {Retraction} of a viscous sheet},
	volume = {5},
	year = {2020}}

@article{bartolo2005retraction,
	author = {Bartolo, D. J. and Josserand, C. and Bonn, D.},
	journal = jfm,
	pages = {329--338},
	publisher = {Cambridge University Press},
	title = {Retraction dynamics of aqueous drops upon impact on non-wetting surfaces},
doi = {10.1017/S0022112005007184},
	volume = {545},
	year = {2005}}

@article{brackbill1992continuum,
	author = {Brackbill, Jeremiah U and Kothe, Douglas B and Zemach, Charles},
	journal = jcp,
	number = {2},
	pages = {335--354},
	publisher = {Elsevier},
	title = {A continuum method for modeling surface tension},
	volume = {100},
	year = {1992}}

@article{popinet2009accurate,
	author = {Popinet, S.},
	journal = jcp,
	number = {16},
	pages = {5838--5866},
	publisher = {Elsevier},
	title = {An accurate adaptive solver for surface-tension-driven interfacial flows},
	volume = {228},
	year = {2009}}

@article{wagner1932stoss,
	author = {Wagner, H.},
	journal = {Z. Angew. Math. Mech.},
	number = {4},
	pages = {193--215},
	publisher = {Wiley Online Library},
	title = {{\"U}ber {S}to{\ss}-{\,}und {G}leitvorg{\"a}nge an der {O}berfl{\"a}che von {F}l{\"u}ssigkeiten},
doi = {10.1002/zamm.19320120402},
	volume = {12},
	year = {1932}}

@phdthesis{chantelot2018rebonds,
	author = {Chantelot, Pierre},
	school = {Universit{\'e} Paris-Saclay (ComUE)},
	title = {Rebonds sp{\'e}ciaux de liquides},
	year = {2018}}

@article{chantelot_lohse_2021,
	author = {Chantelot, Pierre and Lohse, Detlef},
	journal = {Journal of Fluid Mechanics},
	pages = {A36},
	publisher = {Cambridge University Press},
	title = {Drop impact on superheated surfaces: short-time dynamics and transition to contact},
	volume = {928},
	year = {2021}}

@article{rayleigh1879capillary,
	author = {{Lord Rayleigh}},
	journal = PRSLondonA,
	number = {196-199},
	pages = {71--97},
	title = {On the capillary phenomena of jets},
	volume = {29},
	year = {1879}}

@article{woodcock1953giant,
	author = {Woodcock, AH and Kientzler, CF and Arons, AB and Blanchard, DC},
	journal = {Nature},
	number = {4390},
	pages = {1144--1145},
	publisher = {Nature Publishing Group},
	title = {Giant condensation nuclei from bursting bubbles},
	volume = {172},
	year = {1953}}

@article{molavcek2012quasi,
	author = {Mol{\'a}{\v{c}}ek, Jan and Bush, John WM},
	journal = pof,
	number = {12},
	pages = {127103},
	publisher = {American Institute of Physics},
	title = {A quasi-static model of drop impact},
	volume = {24},
	year = {2012}}

@article{riboux2014experiments,
	author = {Riboux, Guillaume and Gordillo, Jos{\'e} Manuel},
	journal = prl,
	number = {2},
	pages = {024507},
	publisher = {APS},
	title = {Experiments of drops impacting a smooth solid surface: {A} model of the critical impact speed for drop splashing},
	volume = {113},
	year = {2014}}

@article{sanjay_lohse_jalaal_2021,
	author = {Sanjay, Vatsal and Lohse, Detlef and Jalaal, Maziyar},
	journal = jfm,
	pages = {A2},
	publisher = {Cambridge University Press},
	title = {Bursting bubble in a viscoplastic medium},
doi = {10.1017/jfm.2021.489},
	volume = {922},
	year = {2021}}

@article{gordillo2019theory,
	author = {Gordillo, Jos{\'e} Manuel and Riboux, Guillaume and Quintero, Enrique S},
	journal = jfm,
	pages = {298--315},
	publisher = {Cambridge University Press},
	title = {A theory on the spreading of impacting droplets},
	volume = {866},
	year = {2019}}

@article{laan2014maximum,
	author = {Laan, N. and de Bruin, K. G. and Bartolo, D. and Josserand, C. and Bonn, D.},
	journal = prapp,
	number = {4},
	pages = {044018},
	publisher = {APS},
	title = {Maximum diameter of impacting liquid droplets},
doi = {10.1103/PhysRevApplied.2.044018},
	volume = {2},
	year = {2014}}

@article{mitra2021bouncing,
	author = {Mitra, Surjyasish and Vo, Quoc and Tran, Tuan},
	journal = sm,
	publisher = {Royal Society of Chemistry},
	title = {Bouncing-to-wetting transition of water droplets impacting soft solids},
	year = {2021}}

@article{xu2005drop,
	author = {Xu, Lei and Zhang, Wendy W and Nagel, Sidney R},
	journal = prl,
	number = {18},
	pages = {184505},
	publisher = {APS},
	title = {Drop splashing on a dry smooth surface},
	volume = {94},
	year = {2005}}

@article{cheng2021drop,
	author = {Cheng, X. and Sun, T.-P. and Gordillo, L.},
	date-modified = {2024-06-06 23:24:06 +0200},
	journal = {Annu. Rev. Fluid Mech.},
	publisher = {Annual Reviews},
	title = {Drop Impact Dynamics: Impact Force and Stress Distributions},
doi = {10.1146/annurev-fluid-030321-103941},
	volume = {54},
pages = {57--81},
	year = {2021}}

@article{lohse2004impact,
	author = {Lohse, Detlef and Bergmann, Raymond and Mikkelsen, Ren{\'e} and Zeilstra, Christiaan and {van} {der} Meer, Devaraj and Versluis, Michel and {van} {der} Weele, Ko and {van} der Hoef, Martin and Kuipers, Hans},
	journal = prl,
	number = {19},
	pages = {198003},
	publisher = {APS},
	title = {Impact on soft sand: {V}oid collapse and jet formation},
	volume = {93},
	year = {2004}}

@article{lee2020downward,
	author = {Lee, Sang-Hyeon and Rump, Maaike and Harth, Kirsten and Kim, Minwoo and Lohse, Detlef and Fezzaa, Kamel and Je, Jung Ho},
	journal = prf,
	number = {7},
	pages = {074802},
	publisher = {APS},
	title = {Downward jetting of a dynamic Leidenfrost drop},
	volume = {5},
	year = {2020}}

@article{ramirez2020lifting,
	author = {Ram{\'\i}rez-Soto, O. and Sanjay, V. and Lohse, D. and Pham, J. T. and Vollmer, D.},
	journal = sciadv,
	number = {34},
	pages = {eaba4330},
	publisher = {American Association for the Advancement of Science},
	title = {Lifting a sessile oil drop from a superamphiphobic surface with an impacting one},
	volume = {6},
	year = {2020}}

@article{onda1996super,
	author = {Onda, T. and Shibuichi, S. and Satoh, N. and Tsujii, K.},
	journal = {Langmuir},
	number = {9},
	pages = {2125--2127},
	publisher = {ACS Publications},
	title = {Super-water-repellent fractal surfaces},
	volume = {12},
	year = {1996}}

@article{renardy2003pyramidal,
	author = {Renardy, Y. and Popinet, S. and Duchemin, L. and Renardy, M. and Zaleski, S. and Josserand, C. and Drumright-Clarke, M. A. and Richard, D. and Clanet, C. and Qu{\'e}r{\'e}, D.},
	journal = jfm,
	pages = {69--83},
	publisher = {Cambridge University Press},
	title = {Pyramidal and toroidal water drops after impact on a solid surface},
doi = {10.1017/S0022112003004142},
	volume = {484},
	year = {2003}}

@article{lohse2022fundamental,
	author = {Lohse, D.},
	journal = arfm,
	pages = {349-382},
	publisher = {Annual Reviews},
	title = {Fundamental fluid dynamics challenges in inkjet printing},
doi = {10.1146/annurev-fluid-022321-114001},
	volume = {54},
	year = {2022}}

@article{quere2013,
	author = {Qu\'er\'e, David},
	date-modified = {2024-06-06 23:37:17 +0200},
	journal = arfm,
	pages = {197-215},
	title = {Leidenfrost dynamics},
	volume = {{45}},
	year = {2013}}

@article{kim2007spray,
	author = {Kim, J.},
	journal = ifhff,
	number = {4},
	pages = {753--767},
	publisher = {Elsevier},
	title = {Spray cooling heat transfer: The state of the art},
	volume = {28},
doi = {10.1016/j.ijheatfluidflow.2006.09.003},
	year = {2007}}

@article{moreira2010advances,
	author = {Moreira, A. L. N. and Moita, A. S. and Panao, M. R.},
	journal = pecs,
	number = {5},
	pages = {554--580},
	publisher = {Elsevier},
	title = {Advances and challenges in explaining fuel spray impingement: How much of single droplet impact research is useful?},
	volume = {36},
	year = {2010}}

@article{smith2018influence,
	author = {Smith, F. R. and Nicloux, C. and Brutin, D.},
	journal = {Phys. Rev. Fluids},
	number = {1},
	pages = {013601},
	publisher = {APS},
	title = {Influence of the impact energy on the pattern of blood drip stains},
doi = {10.1103/PhysRevFluids.3.013601},
	volume = {3},
	year = {2018}}

@article{Josserand2016,
	author = {Josserand, C. and Thoroddsen, S. T.},
	journal = arfm,
	pages = {365--391},
	publisher = {Annu. Rev. Fluid Mech.},
        doi = {10.1146/annurev-fluid-122414-034401},
	title = {Drop impact on a solid surface},
	volume = {48},
	year = {2016}}

@article{worthington1877xxviii,
	author = {Worthington, A. M.},
	journal = PRSLondonA,
	number = {171-178},
	pages = {261--272},
	publisher = {The Royal Society London},
	title = {{XXVIII}. {On} the forms assumed by drops of liquids falling vertically on a horizontal plate},
doi = {10.1098/rspl.1876.0048},
	volume = {25},
	year = {1876}}

@article{yarin2006drop,
	author = {Yarin, A. L.},
	journal = arfm,
	pages = {159--192},
	publisher = {Annu. Rev. Fluid Mech.},
	title = {Drop impact dynamics: {S}plashing, {S}preading, {R}eceding, {B}ouncing...},
doi = {10.1146/annurev.fluid.38.050304.092144},
	volume = {38},
	year = {2006}}

@article{bergeron2001water,
	author = {Bergeron, V. and Qu{\'e}r{\'e}, D.},
	journal = phyw,
	number = {5},
	pages = {27},
	publisher = {IOP Publishing},
	title = {Water droplets make an impact},
	volume = {14},
	year = {2001}}

@article{Nearing1986,
	author = {Nearing, M A and Bradford, J M and Holtz, R D},
	journal = {Soil Sci. Soc. Am. J.},
	pages = {1532-1536},
	title = {Measurement of force vs. time relations for waterdrop impact},
doi = {10.2136/sssaj1986.03615995005000060030x},
	volume = {50},
	year = {1986}}

@article{Ahmad2013,
	author = {Ahmad, M and Schatz, M and Casey, M V},
	journal = {Wear},
	pages = {83-86},
	title = {Experimental investigation of droplet size influence on low pressure steam turbine blade erosion},
	volume = {303},
	year = {2013}}

@article{Amirzadeh2017,
	author = {Amirzadeh, B and Louhghalam, A and Raessi, M and Tootkaboni, M},
	journal = {J. Wind Eng. Ind. Aerodyn.},
	pages = {33-43},
	title = {A computational framework for the analysis of rain-induced erosion in wind turbine blades},
	volume = {163},
	year = {2017}}

@article{Zhao2015,
	author = {Zhao, Runchen and Zhang, Qianyun and Tjugito, Hendro and Cheng, Xiang},
	journal = {Proc. Natl Acad. Sci. USA},
	number = {2},
	pages = {342-347},
	title = {Granular impact cratering by liquid drops: Understanding raindrop imprints through an analogy to asteroid strikes},
	volume = {112},
	year = {2015}}

@article{Gohardani2011,
	author = {Gohardani, Omid},
	journal = {Prog. Aerosp. Sci.},
	number = {4},
	pages = {280-303},
	title = {Impact of erosion testing aspects on current and future flight conditions},
	volume = {47},
	year = {2011}}

@article{Bonn2009,
	author = {Bonn, Daniel and Eggers, Jens and Indekeu, Joseph and Meunier, Jacques and Rolley, Etienne},
	journal = {Rev. Mod. Phys.},
	number = {2},
	pages = {739-805},
	title = {Wetting and spreading},
	volume = {81},
	year = {2009}}

@article{Thoroddsen2008,
	author = {Thoroddsen, Sigurdur T and Etoh, Takeharu G and Takehara, Kohsei},
	journal = {Annu. Rev. Fluid Mech.},
	pages = {257-285},
	title = {High-speed imaging of drops and bubbles},
	volume = {40},
	year = {2008}}

@article{Driscoll2011,
	author = {Driscoll, Michelle M and Nagel, Sidney R},
	journal = {Phys. Rev. Lett.},
	number = {15},
	pages = {154502},
	title = {Ultrafast interference imaging of air in splashing dynamics},
	volume = {107},
	year = {2011}}

@article{Eggers2010,
	author = {Eggers, Jens and Fontelos, Marco A and Josserand, Christophe and Zaleski, St{\'e}phane},
	journal = {Phys. Fluids},
	number = {6},
	pages = {062101},
	title = {Drop dynamics after impact on a solid wall: {T}heory and simulations},
doi = {10.1063/1.3432498},
	volume = {22},
	year = {2010}}

@article{Schroll2010,
	author = {Schroll, Robert D and Josserand, Christophe and Zaleski, St{\'e}phane and Zhang, Wendy W},
	journal = {Phys. Rev. Lett.},
	number = {3},
	pages = {034504},
	title = {Impact of a viscous liquid drop},
	volume = {104},
	year = {2010}}

@article{Wildeman2016,
	author = {Wildeman, Sander and Visser, Claas Willem and Sun, Chao and Lohse, Detlef},
	journal = {J. Fluid Mech.},
	pages = {636-655},
	title = {On the spreading of impacting drops},
doi = {10.1017/jfm.2016.584},
	volume = {805},
	year = {2016}}

@article{Quintero2019,
	author = {Quintero, Enrique S and Riboux, Guillaume and Gordillo, Jos{\'e} Manuel},
	journal = {J. Fluid Mech.},
	pages = {175-188},
	publisher = {Cambridge University Press},
	title = {Splashing of droplets impacting superhydrophobic substrates},
	volume = {870},
	year = {2019}}

@article{Richard2002,
	author = {Richard, Denis and Clanet, Christophe and Qu{\'e}r{\'e}, David},
	journal = {Nature},
	number = {6891},
	pages = {811-811},
	publisher = {Nature Publishing Group},
	title = {Contact time of a bouncing drop},
doi = {10.1038/417811a},
	volume = {417},
	year = {2002}}

@article{Bouwhuis2012,
	author = {Bouwhuis, Wilco and {van} {der} Veen, Roeland CA and Tran, Tuan and Keij, Diederik L and Winkels, Koen G and Peters, Ivo R and {van} {der} Meer, Devaraj and Sun, Chao and Snoeijer, Jacco H and Lohse, Detlef},
	journal = {Phys. Rev. Lett.},
	number = {26},
	pages = {264501},
	publisher = {APS},
	title = {Maximal air bubble entrainment at liquid-drop impact},
	volume = {109},
	year = {2012}}

@book{Yarin2017,
	author = {Yarin, Alexander L and Roisman, Ilia V and Tropea, Cameron},
	publisher = {Cambridge University Press},
	title = {Collision {Phenomena} in {Liquids} and {Solids}},
doi = {10.1017/9781316556580},
address ={Cambridge},
	year = {2017}}

@article{Li2019,
	author = {Li, Huizeng and Fang, Wei and Li, Yanan and Yang, Qiang and Li, Mingzhu and Li, Qunyang and Feng, Xi-Qiao and Song, Yanlin},
	journal = {Nature Commun.},
	number = {1},
	pages = {1-6},
	publisher = {Nature Publishing Group},
	title = {Spontaneous droplets gyrating via asymmetric self-splitting on heterogeneous surfaces},
	volume = {10},
	year = {2019}}

@article{Chantelot2018water,
	author = {Chantelot, Pierre and Moqaddam, Ali Mazloomi and Gauthier, Ana{\"\i}s and Chikatamarla, Shyam S and Clanet, Christophe and Karlin, Ilya V and Qu{\'e}r{\'e}, David},
	journal = {Soft Matter},
	number = {12},
	pages = {2227-2233},
	publisher = {Soft Matter},
	title = {Water ring-bouncing on repellent singularities},
	volume = {14},
	year = {2018}}

@article{Li2014,
	author = {Li, Jingyin and Zhang, Bin and Guo, Penghua and Lv, Qian},
	journal = {J. Appl. Phys.},
	number = {21},
	pages = {214903},
	publisher = {AIP Publishing LLC},
	title = {Impact force of a low speed water droplet colliding on a solid surface},
	volume = {116},
	year = {2014}}

@article{Soto2014,
	author = {Soto, Dan and De Lariviere, Aur{\'e}lie Borel and Boutillon, Xavier and Clanet, Christophe and Qu{\'e}r{\'e}, David},
	journal = sm,
	number = {27},
	pages = {4929-4934},
	publisher = {Royal Society of Chemistry},
	title = {The force of impacting rain},
	volume = {10},
	year = {2014}}

@article{Philippi2016,
	author = {Philippi, Julien and Lagr{\'e}e, Pierre-Yves and Antkowiak, Arnaud},
	journal = {J. Fluid Mech.},
	pages = {96-135},
	publisher = {Cambridge University Press},
	title = {Drop impact on a solid surface: short-time self-similarity},
doi = {10.1017/jfm.2016.142},
	volume = {795},
	year = {2016}}

@article{Zhang2017,
	author = {Zhang, Bin and Li, Jingyin and Guo, Penghua and Lv, Qian},
	journal = {Exp. Fluids},
	number = {9},
	pages = {1-12},
	publisher = {Springer},
	title = {Experimental studies on the effect of Reynolds and Weber numbers on the impact forces of low-speed droplets colliding with a solid surface},
	volume = {58},
	year = {2017}}

@article{Gordillo2018,
	author = {Gordillo, Leonardo and Sun, Ting-Pi and Cheng, Xiang},
	journal = {J. Fluid Mech.},
	pages = {190--214},
	publisher = {Cambridge University Press},
	title = {Dynamics of drop impact on solid surfaces: evolution of impact force and self-similar spreading},
	volume = {840},
	year = {2018}}

@article{Mitchell2019,
	author = {Mitchell, Benjamin R and Klewicki, Joseph C and Korkolis, Yannis P and Kinsey, Brad L},
	journal = {J. Fluid Mech.},
	pages = {300-322},
	publisher = {Cambridge University Press},
	title = {The transient force profile of low-speed droplet impact: measurements and model},
doi = {10.1017/jfm.2019.141},
	volume = {867},
	year = {2019}}

@article{Zhang2019,
	author = {Zhang, Ruizi and Zhang, Bin and Lv, Qian and Li, Jingyin and Guo, Penghua},
	journal = {Exp. Fluids},
	number = {4},
	pages = {64},
	publisher = {Springer},
	title = {Effects of droplet shape on impact force of low-speed droplets colliding with solid surface},
	volume = {60},
	year = {2019}}

@article{Jha2020,
	author = {Jha, Aditya and Chantelot, Pierre and Clanet, Christophe and Qu{\'e}r{\'e}, David},
	journal = {Soft Matter},
	number = {31},
	pages = {7270-7273},
	publisher = {Royal Society of Chemistry},
	title = {Viscous bouncing},
doi = {10.1039/D0SM00955E},
	volume = {16},
	year = {2020}}

@article{Chantelot2018drop,
	author = {Chantelot, Pierre and Coux, Martin and Clanet, Christophe and Qu{\'e}r{\'e}, David},
	journal = {Europhys. Lett.},
	number = {2},
	pages = {24003},
	publisher = {IOP Publishing},
	title = {Drop trampoline},
	volume = {124},
	year = {2018}}

@article{Tuteja2007,
	author = {Tuteja, Anish and Choi, Wonjae and Ma, Minglin and Mabry, Joseph M and Mazzella, Sarah A and Rutledge, Gregory C and McKinley, Gareth H and Cohen, Robert E},
	journal = {Science},
	number = {5856},
	pages = {1618-1622},
	publisher = {American Association for the Advancement of Science},
	title = {Designing superoleophobic surfaces},
	volume = {318},
	year = {2007}}

@article{Cho2016,
	author = {Cho, H Jeremy and Preston, Daniel J and Zhu, Yangying and Wang, Evelyn N},
	journal = {Nat. Rev. Mater.},
	number = {2},
	pages = {16092},
	publisher = {Nature Publishing Group},
	title = {Nanoengineered materials for liquid--vapour phase-change heat transfer},
	volume = {2},
	year = {2016}}

@article{Liu2017,
	author = {Liu, Mingjie and Wang, Shutao and Jiang, Lei},
	journal = {Nat. Rev. Mater.},
	number = {7},
	pages = {17036},
	publisher = {Nature Publishing Group},
	title = {Nature-inspired superwettability systems},
	volume = {2},
	year = {2017}}

@article{Hao2016,
	author = {Hao, Chonglei and Liu, Yahua and Chen, Xuemei and Li, Jing and Zhang, Mei and Zhao, Yanhua and Wang, Zuankai},
	journal = {Small},
	number = {14},
	pages = {1825-1839},
	publisher = {Wiley Online Library},
	title = {Bioinspired interfacial materials with enhanced drop mobility: {F}rom fundamentals to multifunctional applications},
	volume = {12},
	year = {2016}}

@article{Wu2020,
	author = {Wu, Shuwang and Du, Yingjie and Alsaid, Yousif and Wu, Dong and Hua, Mutian and Yan, Yichen and Yao, Bowen and Ma, Yanfei and Zhu, Xinyuan and He, Ximin},
	journal = {Proc. Natl Acad. Sci. USA},
	number = {21},
	pages = {11240-11246},
	publisher = {National Acad Sciences},
	title = {Superhydrophobic photothermal icephobic surfaces based on candle soot},
	volume = {117},
	year = {2020}}

@article{Lafuma2003,
	author = {Lafuma, Aur{\'e}lie and Qu{\'e}r{\'e}, David},
	journal = {Nat. Mater.},
	number = {7},
	pages = {457-460},
	publisher = {Nature Publishing Group},
	title = {Superhydrophobic states},
	volume = {2},
	year = {2003}}

@article{Callies2005,
	author = {Callies, Mathilde and Qu{\'e}r{\'e}, David},
	journal = sm,
	number = {1},
	pages = {55-61},
	publisher = {Royal Society of Chemistry},
	title = {On water repellency},
	volume = {1},
	year = {2005}}

@article{Sbragaglia2007,
	author = {Sbragaglia, Mauro and Peters, Alisia M and Pirat, Christophe and Borkent, Bram M and Lammertink, Rob GH and Wessling, Matthias and Lohse, Detlef},
	journal = {Phys. Rev. Lett.},
	number = {15},
	pages = {156001},
	publisher = {APS},
	title = {Spontaneous breakdown of superhydrophobicity},
	volume = {99},
	year = {2007}}

@article{Li2017,
	author = {Li, Yanshen and Qu{\'e}r{\'e}, David and Lv, Cunjing and Zheng, Quanshui},
	journal = {Proc. Natl Acad. Sci. USA},
	number = {13},
	pages = {3387-3392},
	publisher = {National Acad Sciences},
	title = {Monostable superrepellent materials},
	volume = {114},
	year = {2017}}

@article{Tsai2010,
	author = {Tsai, Peichun and Lammertink, Rob GH and Wessling, Matthias and Lohse, Detlef},
	journal = {Phys. Rev. Lett.},
	number = {11},
	pages = {116102},
	publisher = {APS},
	title = {Evaporation-triggered wetting transition for water droplets upon hydrophobic microstructures},
	volume = {104},
	year = {2010}}

@article{Chen2012,
	author = {Chen, X. and Ma, R. and Li, J. and Hao, C. and Guo, W. and Luk, B. L. and Li, S. C. and Yao, S. and Wang, Z.},
	journal = {Phys. Rev. Lett.},
	number = {11},
	pages = {116101},
	publisher = {APS},
	title = {Evaporation of droplets on superhydrophobic surfaces: {S}urface roughness and small droplet size effects},
	volume = {109},
	year = {2012}}

@article{Papadopoulos2013,
	author = {Papadopoulos, Periklis and Mammen, Lena and Deng, Xu and Vollmer, Doris and Butt, Hans-J{\"u}rgen},
	journal = {Proc. Natl Acad. Sci. USA},
	number = {9},
	pages = {3254-3258},
	publisher = {National Acad Sciences},
	title = {How superhydrophobicity breaks down},
	volume = {110},
	year = {2013}}

@article{Bormashenko2007,
	author = {Bormashenko, Edward and Pogreb, Roman and Whyman, Gene and Erlich, Mordehai},
	journal = {Langmuir},
	number = {24},
	pages = {12217-12221},
	publisher = {ACS Publications},
	title = {Resonance {Cassie-Wenzel} wetting transition for horizontally vibrated drops deposited on a rough surface},
	volume = {23},
	year = {2007}}

@article{Bartolo2006Bouncing,
	author = {Bartolo, Denis and Bouamrirene, Farid and Verneuil, Emilie and Buguin, Axel and Silberzan, Pascal and Moulinet, S{\'e}bastien},
	journal = {Europhys. Lett.},
	number = {2},
	pages = {299},
	publisher = {IOP Publishing},
	title = {Bouncing or sticky droplets: Impalement transitions on superhydrophobic micropatterned surfaces},
	volume = {74},
	year = {2006}}

@article{Gauthier2015,
	author = {Gauthier, Ana{\"\i}s and Symon, Sean and Clanet, Christophe and Qu{\'e}r{\'e}, David},
	journal = {Nat. Commun.},
	number = {1},
	pages = {1-6},
	publisher = {Nature Publishing Group},
	title = {Water impacting on superhydrophobic macrotextures},
	volume = {6},
	year = {2015}}

@article{Bartolo2006Singular,
	author = {Bartolo, D. and Josserand, C. and Bonn, D.},
	journal = prl,
	number = {12},
	pages = {124501},
	publisher = {APS},
	title = {Singular jets and bubbles in drop impact},
	volume = {96},
	year = {2006}}

@article{Lohse2018,
	author = {Lohse, Detlef},
	journal = {Phys. Rev. Fluids.},
	number = {11},
	pages = {110504},
	publisher = {APS},
	title = {Bubble puzzles: From fundamentals to applications},
	volume = {3},
	year = {2018}}

@article{Clanet2004,
	author = {Clanet, Christophe and B{\'e}guin, C{\'e}dric and Richard, Denis and Qu{\'e}r{\'e}, David},
	journal = {J. Fluid Mech.},
	pages = {199-208},
	publisher = {Cambridge University Press},
	title = {Maximal deformation of an impacting drop},
doi = {10.1017/S0022112004000904},
	volume = {517},
	year = {2004}}

@article{Richard2000,
	author = {Richard, Denis and Qu{\'e}r{\'e}, David},
	journal = {Europhys. Lett.},
	number = {6},
	pages = {769-775},
	publisher = {IOP Publishing},
	title = {Bouncing water drops},
	volume = {50},
	year = {2000}}

@article{Biance2006,
	author = {Biance, Anne-Laure and Chevy, Fr{\'e}d{\'e}ric and Clanet, Christophe and Lagubeau, Guillaume and Qu{\'e}r{\'e}, David},
	journal = {J. Fluid Mech.},
	pages = {47-66},
	publisher = {Cambridge University Press},
	title = {On the elasticity of an inertial liquid shock},
doi = {10.1017/S0022112006009189},
	volume = {554},
	year = {2006}}

@article{Shi2019drop,
	author = {Shi, Songlin and Lv, Cunjing and Zheng, Quanshui},
	journal = {ACS Appl. Mater.},
	number = {46},
	pages = {43698-43707},
	publisher = {ACS Publications},
	title = {Drop impact on two-tier monostable superrepellent surfaces},
	volume = {11},
	year = {2019}}

@article{Lee2016universal,
	author = {Lee, JB and Laan, Nick and de Bruin, Karla G and Skantzaris, G and Shahidzadeh, Noushine and Derome, Dominique and Carmeliet, J and Bonn, Daniel},
	journal = jfm,
	publisher = {Cambridge University Press},
	title = {Universal rescaling of drop impact on smooth and rough surfaces},
	volume = {786},
	year = {2016}}

@book{tryggvason2011direct,
	author = {Tryggvason, G. and Scardovelli, R. and Zaleski, S.},
	publisher = {Cambridge University Press},
	title = {{Direct} {Numerical} {Simulations} of {Gas}--{Liquid} {Multiphase} {Flows}},
	year = {2011}}

@book{prosperetti2009computational,
	author = {Prosperetti, Andrea and Tryggvason, Gr{\'e}tar},
	publisher = {Cambridge university press},
	title = {Computational {Methods} for {Multiphase} {Flow}},
	year = {2009}}

@article{zhan2021,
	author = {Zhan, Haiyang and Lu, Chenguang and Liu, Cong and Wang, Zuankai and Lv, Cunjing and Liu, Yahua},
	journal = {Phys. Rev. Lett.},
	note = {No force measurements were provided in this paper.},
	number = {23},
	pages = {234503},
	publisher = {APS},
	title = {Horizontal motion of a superhydrophobic substrate affects the drop bouncing dynamics},
	volume = {126},
	year = {2021}}

@article{jorgensen2024deformation,
  title={Deformation of drops at low Reynolds number impact},
  author={J{\o}rgensen, L.},
  journal={Phys. Rev. Fluids},
  volume={9},
  number={8},
  pages={083601},
  year={2024},
  publisher={APS}
}

@article{kayal2024focusing,
    title = {Focusing of concentric free-surface waves},
    author = {Kayal, L. and Sanjay, V. and Yewale, N. and Kumar, A. and Dasgupta, R.},
    date-added = {2024-07-05 05:14:09 +0200},
    date-modified = {2024-07-05 05:14:22 +0200},
    journal = {arXiv preprint},
    doi = {10.48550/arXiv.2406.05416},
    year = {2024}
}

@article{talukdar2024,
    title = {Sliding drops on dry \& wet substrates},
    author = {Talukdar, J. and Sen, U. and Diddens, C. and Lohse, D. and Sanjay, V.},
    journal = {{Working paper}},
    year = {2024}
}